@article{lin_kern,
	title={An Effective Implementation of the Lin-Kernighan Traveling Salesman Heuristic},
	journal={DATALOGISKE SKRIFTER (Writings on Computer Science)},
	volume={81},
	publisher={Roskilde University},
	author={Keld Helsgaun},
	year={1998},
}

@article{tsp_r_conc,
	title={TSP - Infrastructure for the Traveling Salesperson Problem},
	journal={Journal of Statistical Software},
	volume={23},
	author={Michael Hahsler, Kurt Hornik},
	year={2007},
}

@article{atsp,
	title={On Assymetric TSP: Transformation to Symmetric TSP and Performance Bound},
	author={Ratnesh Kumar, Haomin Li},
	year={2007},
}

@article{comp_tsp,
	title={Comparison of TSP Algorithms},
	author={Byung-In Kim, Jae-Ik Shim, Min Zhang},
	year={1998},
}

@article{held,
	title  = {Algorithms},
	author={David Rydeheard},
	howpublished  = "\url{http://www.cs.man.ac.uk/~david/algorithms/graphs.pdf}",
}

@Book{gt_and_appl,
	title     = {Graph Theory and Applications},
	publisher = {ISTE Ltd and John Wiley & Sons, Inc. },
	year      = {2009},
	author    = {Jean-Claude Fournier},
	pages     = {24--33, 215--234},
}

@Book{gt_alg_india,
	title     = {Graph Theory with Algorithms and its Applications},
	publisher = {Springer India},
	year      = {2013},
	author    = {Santanu Saha Ray},
	pages     = {1--32},
}

@Book{gt_problem,
	title     = {Graph Theory - A Problem Oriented Approach},
	publisher = {Mathematical Association of America},
	year      = {2008},
	author    = {Daniel A. Marcus},
	pages     = {9--13, 57-73},
}

@Misc{android,
	title  = {Android},
	howpublished  = "\url{https://developer.android.com/}",
}

@Misc{firestore,
	title  = {Cloud Firestore},
	howpublished  = "\url{https://firebase.google.com/docs/auth/}",
}

@Misc{concorde,
	title  = {Concorde TSP Solver},
	howpublished  = "\url{http://www.math.uwaterloo.ca/tsp/concorde.html/}",
}


@Misc{directions,
	title  = {Directions API},
	howpublished  = "\url{https://developers.google.com/maps/documentation/directions/start}",
}

@Misc{distance,
	title  = {Distance Matrix API},
	howpublished  = "\url{https://developers.google.com/maps/documentation/distance-matrix/start}",
}


@Misc{auth,
	title  = {Firebase Auth},
	howpublished  = "\url{https://firebase.google.com/docs/auth/}",
}

@Misc{gradle,
	title  = {Gradle},
	howpublished  = "\url{https://gradle.org/}",
}

@Misc{tsplib,
	title  = {TSPLIB},
	howpublished  = "\url{https://wwwproxy.iwr.uni-heidelberg.de/groups/comopt/software/TSPLIB95/}",
}
